@online{Valgrind,
    title={Valgrind},
    author={},
    url={https://valgrind.org/},
    year={2023}
}

@online{Valgrind,
    title={Valgrind},
    author={},
    url={https://valgrind.org/},
    year={2023}
}